@Article{pdfsearch,
    author = {Brandon LeBeau},
    title = {{pdfsearch}: Search Tools for PDF Files},
    journal = {Journal of Open Source Software},
    year = {2018},
    volume = {3},
    issue = {27},
    pages = {668},
    doi = {10.21105/joss.00668},
  }
@Manual{simglm,
    title = {simglm: Simulate Models Based on the Generalized Linear Model},
    author = {Brandon LeBeau},
    year = {2019},
    note = {R package version 0.7.2},
    url = {https://CRAN.R-project.org/package=simglm},
  }
  
@Manual{rpro,
    title = {R: A Language and Environment for Statistical Computing},
    author = {{R Core Team}},
    organization = {R Foundation for Statistical Computing},
    address = {Vienna, Austria},
    year = {2017},
    url = {https://www.R-project.org/},
  }
@Manual{apa,
   title = {Publication manual of the american psychological association},
   author = {{American Psychological Association}},
   year = {2010},
   address = {Washington, D.C.},
   organization = {American Psychological Association}
}
@article{peng2009,
   author = {Peng, Roger D.},
   title = {Reproducible research and Biostatistics},
   journal = {Biostatistics},
   volume = {10},
   number = {3},
   pages = {405-408},
   year = {2009},
   doi = {10.1093/biostatistics/kxp014}
}
@article{stodden2012,
  title={Reproducible research for scientific computing: Tools and strategies for changing the culture},
  author={Stodden, Victoria},
  journal={Computing in Science \& Engineering},
  volume={14},
  number={4},
  pages={13--17},
  year={2012},
  publisher={IEEE}
}
@article{iqbal2016,
  title={Reproducible research practices and transparency across the biomedical literature},
  author={Iqbal, Shareen A and Wallach, Joshua D and Khoury, Muin J and Schully, Sheri D and Ioannidis, John PA},
  journal={PLoS biology},
  volume={14},
  number={1},
  pages={e1002333},
  year={2016},
  publisher={Public Library of Science}
}
@article{asendorpf2013,
  title={Recommendations for increasing replicability in psychology},
  author={Asendorpf, Jens B and Conner, Mark and De Fruyt, Filip and De Houwer, Jan and Denissen, Jaap JA and Fiedler, Klaus and Fiedler, Susann and Funder, David C and Kliegl, Reinhold and Nosek, Brian A and others},
  journal={European Journal of Personality},
  volume={27},
  number={2},
  pages={108--119},
  year={2013},
  publisher={Wiley Online Library}
}
@article{ioannidis2014,
  title={How to make more published research true},
  author={Ioannidis, John PA},
  journal={PLoS medicine},
  volume={11},
  number={10},
  pages={e1001747},
  year={2014},
  publisher={Public Library of Science}
}
@article{peng2011,
  title={Reproducible research in computational science},
  author={Peng, Roger D.},
  journal={Science},
  volume={334},
  number={6060},
  pages={1226--1227},
  year={2011},
  publisher={American Association for the Advancement of Science}
}
@Manual{rmarkdown,
    title = {rmarkdown: Dynamic Documents for R},
    author = {JJ Allaire and Joe Cheng and Yihui Xie and Jonathan McPherson and Winston Chang and Jeff Allen and Hadley Wickham and Aron Atkins and Rob Hyndman and Ruben Arslan},
    year = {2017},
    note = {R package version 1.6},
    url = {https://CRAN.R-project.org/package=rmarkdown},
  }
@Book{knitr,
    title = {Dynamic Documents with {R} and knitr},
    author = {Yihui Xie},
    publisher = {Chapman and Hall/CRC},
    address = {Boca Raton, Florida},
    year = {2015},
    edition = {2nd},
    note = {ISBN 978-1498716963},
    url = {http://yihui.name/knitr/},
  }
@Manual{knitrmanual,
    title = {knitr: A General-Purpose Package for Dynamic Report Generation in R},
    author = {Yihui Xie},
    year = {2017},
    note = {R package version 1.16},
    url = {http://yihui.name/knitr/},
  }
@misc{muenchen,
   title = {The popularity of Data Science Software},
   author = {Robert A. Muenchen},
   year = {2017},
   url = {http://r4stats.com/articles/popularity/}
}
@book{cooper2016,
  title={Research synthesis and meta-analysis: A step-by-step approach},
  author={Cooper, Harris},
  volume={2},
  year={2016},
  publisher={Sage publications}
}
@Book{ggplot2,
    author = {Hadley Wickham},
    title = {ggplot2: Elegant Graphics for Data Analysis},
    publisher = {Springer-Verlag New York},
    year = {2016},
    isbn = {978-3-319-24277-4},
    url = {http://ggplot2.org},
  }
@article{tatman2015,
  author = {Rachael Tatman},
  title = {The State of the Stats: Current Use of Statistical Methods Across Linguistics Subfields},
  year = {2015},
  journal = {Linguistics Summer Institute}
  }
@Manual{bib2df,
    title = {bib2df: Parse a BibTeX File to a data.frame},
    author = {Philipp Ottolinger},
    year = {2018},
    note = {R package version 1.0.1},
    url = {https://CRAN.R-project.org/package=bib2df},
  }
@article{wilkinson1999,
  title={Statistical methods in psychology journals: Guidelines and explanations.},
  author={Wilkinson, Leland},
  journal={American psychologist},
  volume={54},
  number={8},
  pages={594},
  year={1999},
  publisher={American Psychological Association}
}@Manual{R-base,
  title = {R: A Language and Environment for Statistical Computing},
  author = {{R Core Team}},
  organization = {R Foundation for Statistical Computing},
  address = {Vienna, Austria},
  year = {2019},
  url = {https://www.R-project.org/},
}
@Manual{R-dplyr,
  title = {dplyr: A Grammar of Data Manipulation},
  author = {Hadley Wickham and Romain François and Lionel Henry and Kirill Müller},
  year = {2019},
  note = {R package version 0.8.0.1},
  url = {https://CRAN.R-project.org/package=dplyr},
}
@Manual{R-forcats,
  title = {forcats: Tools for Working with Categorical Variables (Factors)},
  author = {Hadley Wickham},
  year = {2019},
  note = {R package version 0.4.0},
  url = {https://CRAN.R-project.org/package=forcats},
}
@Manual{R-future,
  title = {future: Unified Parallel and Distributed Processing in R for Everyone},
  author = {Henrik Bengtsson},
  year = {2019},
  note = {R package version 1.12.0},
  url = {https://CRAN.R-project.org/package=future},
}
@Manual{R-future.apply,
  title = {future.apply: Apply Function to Elements in Parallel using Futures},
  author = {Henrik Bengtsson},
  year = {2019},
  note = {R package version 1.2.0},
  url = {https://CRAN.R-project.org/package=future.apply},
}
@Book{R-ggplot2,
  author = {Hadley Wickham},
  title = {ggplot2: Elegant Graphics for Data Analysis},
  publisher = {Springer-Verlag New York},
  year = {2016},
  isbn = {978-3-319-24277-4},
  url = {https://ggplot2.tidyverse.org},
}
@Article{R-lme4,
  title = {Fitting Linear Mixed-Effects Models Using {lme4}},
  author = {Douglas Bates and Martin M{\"a}chler and Ben Bolker and Steve Walker},
  journal = {Journal of Statistical Software},
  year = {2015},
  volume = {67},
  number = {1},
  pages = {1--48},
  doi = {10.18637/jss.v067.i01},
}
@Manual{R-Matrix,
  title = {Matrix: Sparse and Dense Matrix Classes and Methods},
  author = {Douglas Bates and Martin Maechler},
  year = {2019},
  note = {R package version 1.2-17},
  url = {https://CRAN.R-project.org/package=Matrix},
}
@Manual{R-papaja,
  author = {Frederik Aust and Marius Barth},
  title = {{papaja}: {Create} {APA} manuscripts with {R Markdown}},
  year = {2018},
  note = {R package version 0.1.0.9842},
  url = {https://github.com/crsh/papaja},
}
@Manual{R-purrr,
  title = {purrr: Functional Programming Tools},
  author = {Lionel Henry and Hadley Wickham},
  year = {2019},
  note = {R package version 0.3.2},
  url = {https://CRAN.R-project.org/package=purrr},
}
@Manual{R-readr,
  title = {readr: Read Rectangular Text Data},
  author = {Hadley Wickham and Jim Hester and Romain Francois},
  year = {2018},
  note = {R package version 1.3.1},
  url = {https://CRAN.R-project.org/package=readr},
}
@Manual{R-simglm,
  title = {simglm: Simulate Models Based on the Generalized Linear Model},
  author = {Brandon LeBeau},
  note = {R package version 0.7.4},
}
@Manual{R-stringr,
  title = {stringr: Simple, Consistent Wrappers for Common String Operations},
  author = {Hadley Wickham},
  year = {2019},
  note = {R package version 1.4.0},
  url = {https://CRAN.R-project.org/package=stringr},
}
@Manual{R-tibble,
  title = {tibble: Simple Data Frames},
  author = {Kirill Müller and Hadley Wickham},
  year = {2019},
  note = {R package version 2.1.1},
  url = {https://CRAN.R-project.org/package=tibble},
}
@Manual{R-tidyr,
  title = {tidyr: Easily Tidy Data with 'spread()' and 'gather()' Functions},
  author = {Hadley Wickham and Lionel Henry},
  year = {2019},
  note = {R package version 0.8.3},
  url = {https://CRAN.R-project.org/package=tidyr},
}
@Manual{R-tidyverse,
  title = {tidyverse: Easily Install and Load the 'Tidyverse'},
  author = {Hadley Wickham},
  year = {2017},
  note = {R package version 1.2.1},
  url = {https://CRAN.R-project.org/package=tidyverse},
}
